@BOOK{MLTT:1,
AUTHOR="Per Martin-Lof",
TITLE="Constructive Mathematics and Computer Programming",
YEAR=1979
}
@BOOK{OTT:1,
AUTHOR="Thorsten Altenkirch and Conor McBride",
TITLE="Towards Observational Type Theory",
YEAR=2006
}